0020000000000000003078431000700030001000000038400110522483513110413110513110500668965100000000000000                          
0020000000000000003078431000700030619000000024000112831273513112713112813112800343157800000000000000                          
1020000000000000003078431000700030715000000024000112831273513112713112813112800047024800000000000000                          
0020000000000000003078431000700032003000000024000112831273513112713112813112800333047500000000000000                          
0020000000000000003078431000700031530000000024000112831273513112713112813112800338084700000000000000                          
0020000000000000003078431000700031480000000024000112831273513112713112813112800348367800000000000000                          
0020000000000000003078431000700031171000000024000120333520813120313120313120300000000000000000000000                          
0020000000000000003078431000700031097000000024000120333520813120313120313120300000000000000000000000                          
0020000000000000003078431000700032098000000024000120333520813120313120313120300000000000000000000000                          
0020000000000000003078431000700031850000000038400120333520813120313120313120300000000000000000000000                          
0020000000000000003078431000700030799000000024000120333520813120313120313120300000000000000000000000                          
0020000000000000003078431000700031235000000024000120232665913120213120213120200000000000000000000000                          
0020000000000000003078431000700030993000000024000120232665913120213120213120200000000000000000000000                          
0020000000000000003078431000700032051000000024000120232665913120213120213120200000000000000000000000                          
0020000000000000003078431000700031362000000024000120232665913120213120213120200000000000000000000000                          
0020000000000000003078431000700030720000000024000120232665913120213120213120200000000000000000000000                          
0020000000000000003078431000700032162000000024000120232665913120213120213120200000000000000000000000                          
0020000000000000003078431000700031632000000024000120232665913120213120213120200000000000000000000000                          
0020000000000000003078431000700031194000000024000120232665913120213120213120200000000000000000000000                          
0020000000000000003078431000700031837000000038400120232665913120213120213120200000000000000000000000                          
0020000000000000003078431000700030731000000024000112528627013112513112513112500000000000000000000000                          
0020000000000000003078431000700031770000000024000112831380813112813112813112800000000000000000000000                          
0020000000000000003078431000700030170000000024000120434525113120513120513120500000000000000000000000                          
0020000000000000003078431000700031354000000024000120434525113120513120513120500000000000000000000000                          
1020000000000000003078431000700031616000000024000120534936213120613120613120600000000000000000000000                          
1120000000000000003078431000700031733000000024000120635299713120413120613120600002002800000000000000                          
0020000000000000003078431000700030941000000024000112228353713112113112213112200127857400000000000000                          
0020000000000000003078431000700031749000000024000112228353713112113112213112200139383800000000000000                          
0020000000000000003078431000700031203000000024000112228353713112113112213112200130941100000000000000                          
1120000000000000003078431000700031796000000024000112228353813112013112213112200001001200000000000000                          
0020000000000000003078431000700031556000000024000112528627013112513112513112500000000000000000000000                          
0020000000000000003078431000700030208000000024000112528627013112513112513112500000000000000000000000                          
0020000000000000003078431000700031995000000038400112528627013112513112513112500000000000000000000000                          
0020000000000000003078431000700031704000000024000112528627013112513112513112500000000000000000000000                          
0020000000000000003078431000700031155000000024000112528627013112513112513112500000000000000000000000                          
0020000000000000003078431000700031911000000038400112528627013112513112513112500000000000000000000000                          
0020000000000000003078431000700031346000000024000112528627013112513112513112500000000000000000000000                          
0020000000000000003078431000700031414000000024000112528627013112513112513112500000000000000000000000                          
0020000000000000003078431000700031509000000024000112528627013112513112513112500000000000000000000000                          
0020000000000000003078431000700031690000000024000112528627013112513112513112500000000000000000000000                          
0020000000000000003078431000700031147000000024000120233235813112913120213120200410212300000000000000                          
0020000000000000003078431000700029479000000024000110723309913110613110713110700748530700000000000000                          
0020000000000000003078431000700029185000000024000110723309913110613110713110700739843200000000000000                          
0020000000000000003078431000700031298000000024000112931614113112913112913112900000000000000000000000                          
0020000000000000003078431000700030387000000024000120233235813112913120213120200408683800000000000000                          
0020000000000000003078431000700030539000000024000120233235813112913120213120200404112200000000000000                          
0020000000000000003078431000700031564000000024000120233235813112913120213120200432484100000000000000                          
0020000000000000003078431000700030698000000024000120233235813112913120213120200407337700000000000000                          
0020000000000000003078431000700030555000000024000120233235813112913120213120200408742700000000000000                          
0020000000000000003078431000700031900000000038400121739443013121613121713121700970367000000000000000                          
0020000000000000003078431000700030964000000024000121137135413121113121113121100000000000000000000000                          
0020000000000000003078431000700031383000000024000121137268613121213121213121200000000000000000000000                          
0020000000000000003078431000700030133000000024000112730653413112613112713112700295368400000000000000                          
0020000000000000003078431000700031876000000038400112730653413112613112713112700253266700000000000000                          
0020000000000000003078431000700031089000000024000112730653413112613112713112700281718800000000000000                          
0020000000000000003078431000700030603000000024000112730653413112613112713112700300471300000000000000                          
1120000000000000003078431000700031829000000038400112730653513112513112713112700002002000000000000000                          
0020000000000000003078431000700030276000000024000120434122413120413120413120400000000000000000000000                          
0020000000000000003078431000700030523000000024000121638882013121313121613121600876793400000000000000                          
0020000000000000003078431000700030444000000024000121638882013121313121613121600902679700000000000000                          
0020000000000000003078431000700031648000000024000121338129613121613121613121600000000000000000000000                          
0020000000000000003078431000700031139000000024000121338129613121613121613121600000000000000000000000                          
0020000000000000003078431000700031813000000024000121338129613121613121613121600000000000000000000000                          
0020000000000000003078431000700031892000000038400121338129613121613121613121600000000000000000000000                          
0020000000000000003078431000700030358000000024000121338129613121613121613121600000000000000000000000                          
0020000000000000003078431000700030292000000024000121337721913121313121313121300000000000000000000000                          
0020000000000000003078431000700031123000000024000121337721913121313121313121300000000000000000000000                          
0020000000000000003078431000700030069000000024000121739443013121613121713121700936827600000000000000                          
0020000000000000003078431000700030165000000024000121739443013121613121713121700943019900000000000000                          
0020000000000000003078431000700030468000000024000121739443013121613121713121700984419000000000000000                          
0020000000000000003078431000700031073000000024000121739443013121613121713121700926662400000000000000                          
0020000000000000003078431000700031588000000024000121739443013121613121713121700109896700000000000000                          
0020000000000000003078431000700030925000000024000121739443013121613121713121700959499600000000000000                          
0020000000000000003078431000700031227000000024000121036670713120913121013121000228005600000000000000                          
0020000000000000003078431000700032243000000038400112831011713121813121813121800000000000000000000000                          
1120000000000000003078431000700030762000000024000112630048213112313112613112600001005100000000000000                          
0020000000000000003078431000700029647000000038400090297933213111513111513111500000000000000000000000                          
0020000000000000003078431000700030245000000024000112529342113112213112513112500168536300000000000000                          
0020000000000000003078431000700032183000000024000112529342113112213112513112500162223900000000000000                          
0020000000000000003078431000700031307000000024000112529342113112213112513112500160026500000000000000                          
0020000000000000003078431000700030627000000024000112529342113112213112513112500151944600000000000000                          
0020000000000000003078431000700030112000000024000121036670713120913121013121000743961700000000000000                          
0020000000000000003078431000700030405000000024000121036670713120913121013121000733651400000000000000                          
0020000000000000003078431000700030497000000024000121036670713120913121013121000151896500000000000000                          
0020000000000000003078431000700030806000000024000121036670713120913121013121000759748100000000000000                          
0020000000000000003078431000700031808000000024000121036670713120913121013121000734400800000000000000                          
0020000000000000003078431000700031467000000024000121036670713120913121013121000721613300000000000000                          
0020000000000000003078431000700031624000000024000121036670713120913121013121000740556900000000000000                          
0020000000000000003078431000700031021000000024000121036670713120913121013121000726385500000000000000                          
0020000000000000003078431000700031963000000038400123045080713122713123013123000341258500000000000000                          
0020000000000000003078431000700030891000000024000120735489813120913120913120900000000000000000000000                          
1020000000000000003078431000700031160000000024000112932147413112813112913112900091025800000000000000                          
0020000000000000003078431000700031572000000024000112932147413112813112913112900365257100000000000000                          
0020000000000000003078431000700031219000000024000112932147413112813112913112900379267400000000000000                          
0020000000000000003078431000700031186000000024000112932147413112813112913112900385637600000000000000                          
0020000000000000003078431000700030635000000024000123145442813123113123113123100000000000000000000000                          
0020000000000000003078431000700032146000000024000123145442813123113123113123100000000000000000000000                          
0020000000000000003078431000700030674000000024000123045080713122713123013123000322234700000000000000                          
0020000000000000003078431000700031979000000038400123045080713122713123013123000345750800000000000000                          
0020000000000000003078431000700031987000000038400112730316013112713112713112700000000000000000000000                          
0020000000000000003078431000700031005000000024000122442527213122413122413122400000000000000000000000                          
0020000000000000003078431000700030077000000024000112127917813112013112113112100100419700000000000000                          
0020000000000000003078431000700031677000000024000112127917813112013112113112100106839900000000000000                          
0020000000000000003078431000700030473000000024000112127917813112013112113112100109069500000000000000                          
0020000000000000003078431000700030395000000024000112127917813112013112113112100104388500000000000000                          
0020000000000000003078431000700031443000000024000112027672513112113112113112100000000000000000000000                          
0020000000000000003078431000700029660000000038400111425729513111513111513111500000000000000000000000                          
0020000000000000003078431000700031491000000024000112629707013112613112613112600000000000000000000000                          
0020000000000000003078431000700031934000000038400112629707013112613112613112600000000000000000000000                          
0020000000000000003078431000700030707000000024000112629707013112613112613112600000000000000000000000                          
0020000000000000003078431000700031068000000024000112629707013112613112613112600000000000000000000000                          
0020000000000000003078431000700030250000000024000112730316013112713112713112700000000000000000000000                          
0020000000000000003078431000700030410000000024000112730316013112713112713112700000000000000000000000                          
0020000000000000003078431000700030838000000024000112730316013112713112713112700000000000000000000000                          
0020000000000000003078431000700031685000000024000112730316013112713112713112700000000000000000000000                          
0020000000000000003078431000700032178000000024000112730316013112713112713112700000000000000000000000                          
0020000000000000003078431000700031406000000024000112630048113112513112613112600132656300000000000000                          
0020000000000000003078431000700030489000000024000112529549013112613112613112600000000000000000000000                          
0020000000000000003078431000700030149000000024000112630048113112513112613112600227240800000000000000                          
0020000000000000003078431000700030311000000024000112630048113112513112613112600197841800000000000000                          
0020000000000000003078431000700030547000000024000112630048113112513112613112600184189500000000000000                          
0020000000000000003078431000700031315000000024000112630048113112513112613112600206283900000000000000                          
0020000000000000003078431000700032238000000038400112630048113112513112613112600221110200000000000000                          
0020000000000000003078431000700031942000000038400112630048113112513112613112600221240300000000000000                          
0020000000000000003078431000700032082000000024000112630048113112513112613112600242708200000000000000                          
0020000000000000003078431000700032107000000024000112630048113112513112613112600194419400000000000000                          
0020000000000000003078431000700032154000000024000112630048113112513112613112600204829500000000000000                          
0020000000000000003078431000700031884000000038400112630048113112513112613112600213279300000000000000                          
0020000000000000003078431000700030909000000024000120936139013120613120913120900558862300000000000000                          
0020000000000000000307843100070003077800000024000121036668713120913121013121000164226700000000000000                          
0020000000000000003078431000700030822000000024000112830926613112813112813112800000000000000000000000                          
0020000000000000003078431000700032074000000024000112830926613112813112813112800000000000000000000000                          
0020000000000000003078431000700031958000000038400112830926613112813112813112800000000000000000000000                          
0020000000000000003078431000700030682000000024000121036320513121013121013121000000000000000000000000                          
0020000000000000003078431000700030880000000024000121036320513121013121013121000000000000000000000000                          
0020000000000000003078431000700032214000000038400121036320513121013121013121000000000000000000000000                          
0020000000000000003078431000700031438000000024000121839659913121813121813121800000000000000000000000                          
0020000000000000003078431000700030085000000024000122041054913121913122013122000105033400000000000000                          
0020000000000000003078431000700031320000000024000121739084813121713121713121700000000000000000000000                          
0020000000000000000307843100070031593000000024000112529341113112213112513112500169044500000000000000                          
0020000000000000003078431000700030326000000024000120434402613120313120413120400557921300000000000000                          
0020000000000000003078431000700031459000000024000120434402613120313120413120400583552000000000000000                          
0020000000000000003078431000700032131000000024000120434402613120313120413120400559235300000000000000                          
0020000000000000003078431000700032120000000024000120434402613120313120413120400559550400000000000000                          
1020000000000000003078431000700032027000000024000120434402613120313120413120400081021100000000000000                          
0020000000000000003078431000700032019000000024000120936247013121013121013121000000000000000000000000                          
0020000000000000003078431000700030048000000024000120635431113120913120913120900000000000000000000000                          
0020000000000000003078431000700030363000000024000120635431113120913120913120900000000000000000000000                          
0020000000000000003078431000700030229000000024000121940465013121813121913121900064044100000000000000                          
0020000000000000003078431000700028428000000024000110723324613110713110713110700000000000000000000000                          
0020000000000000003078431000700030586000000024000112529543913112613112613112600000000000000000000000                          
0020000000000000003078431000700031653000000024000112328516213112513112513112500000000000000000000000                          
0020000000000000003078431000700031728000000024000120635431113120913120913120900000000000000000000000                          
0020000000000000003078431000700031240000000024000120635431113120913120913120900000000000000000000000                          
0020000000000000003078431000700031541000000024000120635431113120913120913120900000000000000000000000                          
0020000000000000003078431000700032199000000024000120635431113120913120913120900000000000000000000000                          
0020000000000000003078431000700031765000000024000120635431113120913120913120900000000000000000000000                          
0020000000000000003078431000700031282000000024000120635431113120913120913120900000000000000000000000                          
1020000000000000003078431000700030104000000024000120534849213120413120513120500114022200000000000000                          
0020000000000000003078431000700031044000000024000120534849213120413120513120500624496700000000000000                          
0020000000000000003078431000700030284000000024000120534849213120413120513120500606065900000000000000                          
0020000000000000003078431000700030261000000024000120534849213120413120513120500611559700000000000000                          
0020000000000000003078431000700030814000000024000120936139013120613120913120900692609800000000000000                          
0020000000000000003078431000700032035000000024000120936139013120613120913120900242613200000000000000                          
0020000000000000003078431000700030379000000024000120333883513120213120313120300502066200000000000000                          
0020000000000000000307843100070030196000000024000120534848313120413120513120500610224500000000000000                          
1020000000000000003078431000700030024000000024000120936211613120913120913120900000000000000000000000                          
0020000000000000003078431000700030032000000024000120333883513120213120313120300298055600000000000000                          
0020000000000000003078431000700031926000000038400120333883513120213120313120300388085100000000000000                          
0020000000000000003078431000700030128000000024000120333883513120213120313120300519070200000000000000                          
0020000000000000003078431000700030181000000024000120333883513120213120313120300197056300000000000000                          
0020000000000000003078431000700030213000000024000120333883513120213120313120300499311500000000000000                          
0020000000000000003078431000700030436000000024000120333883513120213120313120300498258400000000000000                          
0020000000000000003078431000700030502000000024000120333883513120213120313120300447230800000000000000                          
0020000000000000003078431000700030746000000024000120333883513120213120313120300453674200000000000000                          
0020000000000000003078431000700030783000000024000120333883513120213120313120300481338500000000000000                          
0020000000000000003078431000700030859000000024000120333883513120213120313120300451388400000000000000                          
0020000000000000003078431000700030867000000024000120333883513120213120313120300527185500000000000000                          
0020000000000000003078431000700030875000000024000120333883513120213120313120300493191100000000000000                          
0020000000000000003078431000700030956000000024000120333883513120213120313120300489045300000000000000                          
0020000000000000003078431000700031036000000024000120333883513120213120313120300487721600000000000000                          
0020000000000000003078431000700031251000000024000120333883513120213120313120300465297600000000000000                          
0020000000000000003078431000700031274000000024000120333883513120213120313120300470087200000000000000                          
0020000000000000003078431000700031331000000024000120333883513120213120313120300448815900000000000000                          
0020000000000000003078431000700031525000000024000120333883513120213120313120300501658000000000000000                          
0020000000000000003078431000700031601000000024000120333883513120213120313120300452789000000000000000                          
0020000000000000003078431000700030090000000024000120333883513120213120313120300461882100000000000000                          
0020000000000000003078431000700031378000000024000011450813714011314011414011400934734800000000000000                          
0020000000000000003078431000700030571000000024000121137137613121013121113121100784397300000000000000                          
0020000000000000003078431000700030300000000024000121137137613121013121113121100289013300000000000000                          
0020000000000000003078431000700031813000000024000122040739313122013122013122000000000000000000000000                          
0020000000000000003078431000700030518000000024000122040739313122013122013122000000000000000000000000                          
0020000000000000003078431000700030594000000024000112127958813112113112113112100000000000000000000000                          
0020000000000000003078431000700030334000000024000112127958813112113112113112100000000000000000000000                          
0020000000000000003078431000700030972000000024000112128053413112213112213112200000000000000000000000                          
0020000000000000003078431000700030421000000024000120635038913120613120613120600000000000000000000000                          
0020000000000000003078431000700030988000000024000120635038913120613120613120600000000000000000000000                          
0020000000000000003078431000700031845000000038400120334022113120413120413120400000000000000000000000                          
0020000000000000003078431000700030666000000024000120635038913120613120613120600000000000000000000000                          
1120000000000000003078431000700031757000000024000120333883613112913120313120300001015500000000000000                          
1120000000000000003078431000700031266000000024000112831273613112613112813112800001016000000000000000                          
1120000000000000003078431000700031669000000024000112831273613112613112813112800001024000000000000000                          
1120000000000000003078431000700031475000000024000112831273613112613112813112800001006600000000000000                          
0020000000000000003078431000700032040000000024000122342324113122313122313122300000000000000000000000                          
0020000000000000003078431000700030452000000024000122442988613122313122413122400174000800000000000000                          
0020000000000000003078431000700030560000000024000122442988613122313122413122400222312300000000000000                          
0020000000000000003078431000700031712000000024000122442988613122313122413122400258712300000000000000                          
0020000000000000003078431000700030930000000024000122442988613122313122413122400234964700000000000000                          
0020000000000000003078431000700031118000000024000122442988613122313122413122400235679200000000000000                          
0020000000000000003078431000700030651000000024000122442988613122313122413122400233473100000000000000                          
0020000000000000003078431000700028710000000024000122341491713122313122313122300000000000000000000000                          
0020000000000000003078431000700030053000000024000122341491713122313122313122300000000000000000000000                          
0020000000000000003078431000700030157000000024000123044616813123013123013123000000000000000000000000                          
0020000000000000003078431000700031010000000024000122744100513122713122713122700000000000000000000000                          
0020000000000000003078431000700030237000000024000112228102713112213112213112200000000000000000000000                          
0020000000000000003078431000700030843000000024000112027597013112013112013112000000000000000000000000                          
0020000000000000003078431000700030754000000024000010647325014010614010614010600000000000000000000000                          
0020000000000000003078431000700031422000000024000010647325014010614010614010600000000000000000000000                          
1120000000000000003078431000700029064000000024000110622916313110413110613110600001000200000000000000                          
0020000000000000003078431000700029751000000038400110622916413110513110613110600702104600000000000000                          
0020000000000000003078431000700032206000000024000010748357414010714010714010700000000000000000000000                          
0020000000000000003078431000700031052000000024000010848799714010714010814010800741184000000000000000                          
0020000000000000003078431000700031517000000024000010848799714010714010814010800743638500000000000000                          
0020000000000000003078431000700031399000000024000010848799714010714010814010800764731100000000000000                          
999000000000999999999999999999999999999000005721600000000000224140126000000000000000000                                       
