0020000000000000003078431000700030001000000038400110522483513110413110513110500668965100000000000000                          

1020000000000000003078431000700030715000000024000112831273513112713112813112800047024800000000000000                          
0020000000000000003078431000700032003000000024000112831273513112713112813112800333047500000000000000                          


0020000000000000003078431000700031530000000024000112831273513112713112813112800338084700000000000000                          
999000000000999999999999999999999999999000005721600000000000224140126000000000000000000                                       

